<record><leader>00000cas a2200000   4500</leader><controlfield tag="001">5055062</controlfield><controlfield tag="008">790611u1874uuuuohuwr nea     0   a0eng  </controlfield><datafield ind1=" " ind2=" " tag="010"><subfield code="a">  2009238267</subfield><subfield code="z">ca 15001195 </subfield></datafield><datafield ind1=" " ind2=" " tag="040"><subfield code="a">DLC</subfield><subfield code="b">eng</subfield><subfield code="c">VXJ</subfield><subfield code="d">VXJ</subfield><subfield code="d">CLU</subfield><subfield code="d">OCL</subfield><subfield code="d">UMC</subfield><subfield code="d">OCLCQ</subfield><subfield code="d">DLC</subfield><subfield code="d">OCLCQ</subfield><subfield code="d">OCLCG</subfield><subfield code="d">IUL</subfield><subfield code="d">OCLCQ</subfield><subfield code="d">OCLCF</subfield></datafield><datafield ind1=" " ind2=" " tag="012"><subfield code="i">9807</subfield></datafield><datafield ind1="0" ind2=" " tag="041"><subfield code="a">eng</subfield><subfield code="a">heb</subfield></datafield><datafield ind1=" " ind2=" " tag="042"><subfield code="a">pcc</subfield></datafield><datafield ind1=" " ind2=" " tag="043"><subfield code="a">n-us---</subfield></datafield><datafield ind1="0" ind2="4" tag="050"><subfield code="a">AP92</subfield><subfield code="b">.A55</subfield></datafield><datafield ind1="0" ind2="4" tag="245"><subfield code="a">The American Israelite</subfield><subfield code="h">[microform].</subfield></datafield><datafield ind1=" " ind2=" " tag="260"><subfield code="a">Cincinnati,</subfield><subfield code="b">Bloch,</subfield><subfield code="c">1874-</subfield></datafield><datafield ind1=" " ind2=" " tag="300"><subfield code="a">v.</subfield><subfield code="b">ill.</subfield><subfield code="c">40-60 cm.</subfield></datafield><datafield ind1="0" ind2=" " tag="362"><subfield code="a">v. 23- ; July 3, 1874-</subfield></datafield><datafield ind1=" " ind2=" " tag="500"><subfield code="a">Editors: July 3, 1874-Mar. 22, 1900, I.M. Wise; Mar. 29, 1900-, 1929, L. Wise;, 1929- J.B. Wise.</subfield></datafield><datafield ind1=" " ind2=" " tag="515"><subfield code="a">Issues dated 1874-1879 called: vol. 23-33, and also called New series, vol. 1, no. 1-vol. 11, no. 26. Issues dated Jan.-June 1880 called: year 26, vol. 52, nos. 1-26. Issues dated July 2, 1880- called: vol. 27-</subfield></datafield><datafield ind1=" " ind2=" " tag="515"><subfield code="a">No issue for July 23, 1875.</subfield></datafield><datafield ind1=" " ind2=" " tag="515"><subfield code="a">Volumes numbered semiannually, July 3, 1874-June 25, 1880; vols. numbered annually, July 2, 1880-</subfield></datafield><datafield ind1=" " ind2=" " tag="525"><subfield code="a">Some nos. include separately paged supplements.</subfield></datafield><datafield ind1=" " ind2=" " tag="546"><subfield code="a">Some issues include items in Hebrew.</subfield></datafield><datafield ind1=" " ind2=" " tag="550"><subfield code="a">Publisher varies: Apr. 27, l883-Apr. 18, 1884, Oct. 12, 1888- Leo Wise &amp; Co.</subfield></datafield><datafield ind1=" " ind2=" " tag="580"><subfield code="a">German supplement, Die Deborah, published July 3, 1874-June 27, 1901.</subfield></datafield><datafield ind1=" " ind2=" " tag="580"><subfield code="a">Chicago ed., The Chicago Israelite, published l894-[l920?].</subfield></datafield><datafield ind1=" " ind2=" " tag="588"><subfield code="a">Latest issue consulted: Vol. 47, no. 52 (June 27, 1941).</subfield></datafield><datafield ind1=" " ind2=" " tag="533"><subfield code="a">Microfilm.</subfield><subfield code="b">Cincinnati,</subfield><subfield code="c">American Jewish Periodicals Center,</subfield><subfield code="d">[195-].</subfield><subfield code="e">32 reels (July 3, 1874-July 6, 1939) positive, ill. 35 mm.</subfield></datafield><datafield ind1=" " ind2="0" tag="651"><subfield code="a">Ohio</subfield><subfield code="x">Jews</subfield><subfield code="v">Newspapers.</subfield></datafield><datafield ind1=" " ind2="7" tag="655"><subfield code="a">Newspapers.</subfield><subfield code="2">fast</subfield><subfield code="0">(OCoLC)fst01423814</subfield></datafield><datafield ind1=" " ind2="7" tag="650"><subfield code="a">Jews.</subfield><subfield code="2">fast</subfield><subfield code="0">(OCoLC)fst00983135</subfield></datafield><datafield ind1=" " ind2="7" tag="651"><subfield code="a">Ohio.</subfield><subfield code="2">fast</subfield><subfield code="0">(OCoLC)fst01205075</subfield></datafield><datafield ind1="1" ind2=" " tag="700"><subfield code="a">Wise, Isaac Mayer,</subfield><subfield code="d">1819-1900.</subfield></datafield><datafield ind1="1" ind2=" " tag="700"><subfield code="a">Wise, Leo.</subfield></datafield><datafield ind1="1" ind2=" " tag="700"><subfield code="a">Wise, Jonah Bondi,</subfield><subfield code="d">1881-1959.</subfield></datafield><datafield ind1="0" ind2=" " tag="730"><subfield code="a">Deborah.</subfield></datafield><datafield ind1="0" ind2=" " tag="730"><subfield code="a">Chicago Israelite.</subfield></datafield><datafield ind1="0" ind2=" " tag="730"><subfield code="a">Israelite.</subfield></datafield><datafield ind1=" " ind2=" " tag="752"><subfield code="a">United States</subfield><subfield code="b">Ohio</subfield><subfield code="c">Hamilton</subfield><subfield code="d">Cincinnati.</subfield></datafield><datafield ind1="1" ind2=" " tag="770"><subfield code="t">Deborah,</subfield><subfield code="g">Aug. 24, 1855-Apr. 5, 1900</subfield><subfield code="w">(DLC)sn 98018158</subfield><subfield code="w">(OCoLC)39975256</subfield></datafield><datafield ind1="1" ind2=" " tag="770"><subfield code="t">Chicago Israelite,</subfield><subfield code="g">l894-[1920?]</subfield></datafield><datafield ind1="0" ind2="0" tag="780"><subfield code="t">Israelite</subfield><subfield code="w">(DLC)sn 98017102</subfield><subfield code="w">(OCoLC)25266215</subfield></datafield><datafield ind1=" " ind2=" " tag="850"><subfield code="a">CLU</subfield></datafield></record>